@conference{4026885,
    author={W. Vogels},
    booktitle={IEEE International Conference on Services Computing (SCC'06)},
    title={Web Services at Amazon.com},
    year={2006},
    pages={xxii-xxii},
    keywords={Distributed computing;Technological innovation;Web services},
    doi={10.1109/SCC.2006.116},
    month={Sept}
}
@online{perrin2008,
    author={C. Perrin},
    title={The CIA Triad},
    year={2008},
    url={http://www.techrepublic.com/blog/it-security/the-cia-triad/},
    urldate={2017-04-12}
}
@book{parker1998,
    place={New York},
    title={Fighting Computer Crime: a New Framework for Protecting Information},
    publisher={John Wiley \& Sons},
    author={Donn B. Parker},
    year={1998}
}
@book{kizza2015,
    place={London},
    title={Guide to Computer Network Security},
    isbn={1447166531},
    publisher={Springer-Verlag},
    author={Kizza, Joseph Migga},
    year={2015}
}
@misc{owasp2013,
    title={OWASP Top 10 2013},
    url={https://www.owasp.org/index.php/Top_10_2013-Top_10},
    publisher={OWASP}
}
@misc{snort,
    title={SNORT IDS homepage},
    url={http://snort.org},
    publisher={Cisco}
}
@inproceedings{pcre2007,
    author = {Mitra, Abhishek and Najjar, Walid and Bhuyan, Laxmi},
    title = {Compiling PCRE to FPGA for Accelerating SNORT IDS},
    booktitle = {Proceedings of the 3rd ACM/IEEE Symposium on Architecture for Networking and Communications Systems},
    series = {ANCS '07},
    year = {2007},
    isbn = {978-1-59593-945-6},
    location = {Orlando, Florida, USA},
    pages = {127-136},
    numpages = {10},
    url = {http://doi.acm.org/10.1145/1323548.1323571},
    doi = {10.1145/1323548.1323571},
    acmid = {1323571},
    publisher = {ACM},
    address = {New York, NY, USA},
    keywords = {deep payload inspection, intrusion detection system, nondeterministic finite automata, regular expressions},
} 
@inproceedings{multi2004,
    author = {Haagdorens, Bart and Vermeiren, Tim and Goossens, Marnix},
    title = {Improving the Performance of Signature-based Network Intrusion Detection Sensors by Multi-threading},
    booktitle = {Proceedings of the 5th International Conference on Information Security Applications},
    series = {WISA'04},
    year = {2005},
    isbn = {3-540-24015-2, 978-3-540-24015-0},
    location = {Jeju Island, Korea},
    pages = {188--203},
    numpages = {16},
    url = {http://dx.doi.org/10.1007/978-3-540-31815-6_16},
    doi = {10.1007/978-3-540-31815-6_16},
    acmid = {2144568},
    publisher = {Springer-Verlag},
    address = {Berlin, Heidelberg},
} 
@inproceedings{4482891, 
    author={N. F. Huang and H. W. Hung and S. H. Lai and Y. M. Chu and W. Y. Tsai}, 
    booktitle={22nd International Conference on Advanced Information Networking and Applications - Workshops (aina workshops 2008)}, 
    title={A GPU-Based Multiple-Pattern Matching Algorithm for Network Intrusion Detection Systems}, 
    year={2008}, 
    pages={62-67}, 
    keywords={pattern matching, security of data, GPU computation power, graphics processing unit, multiple pattern matching algorithm, network application, network intrusion detection system, network security, packet content, pattern matching coprocessor, texture format, Application software, Communication system security, Computer graphics, Computer science, Concurrent computing, Coprocessors, Intrusion detection, Parallel processing, Pattern matching, Power engineering and energy, GPU, IDS, network security, pattern match}, 
    doi={10.1109/WAINA.2008.145}, 
    month={March}
}
@article{fpga2008,
    title={An FPGA-Based Network Intrusion Detection Architecture},
    volume={3}, number={1},
    pages={118-132},
    month={Mar},
    doi={10.1109/tifs.2007.916288},
    journal={IEEE Transactions on Information Forensics and Security},
    author={Das, Abhishek and Nguyen, David and Zambreno, Joseph and Memik, Gokhan and Choudhary, Alok},
    year={2008}
}
@inproceedings{gnort2008,
    author = {Vasiliadis, Giorgos and Antonatos, Spiros and Polychronakis, Michalis and Markatos, Evangelos P. and Ioannidis, Sotiris},
    title = {Gnort: High Performance Network Intrusion Detection Using Graphics Processors},
    booktitle = {Proceedings of the 11th International Symposium on Recent Advances in Intrusion Detection},
    series = {RAID '08},
    year = {2008},
    isbn = {978-3-540-87402-7},
    location = {Cambridge, MA, USA},
    pages = {116-134},
    numpages = {19},
    url = {http://dx.doi.org/10.1007/978-3-540-87403-4_7},
    doi = {10.1007/978-3-540-87403-4_7},
    acmid = {1433016},
    publisher = {Springer-Verlag},
    address = {Berlin, Heidelberg},
    keywords = {GPU, SIMD, intrusion detection systems, network security, parallel programming, pattern matching},
}
@book{nist2014, 
    place={Gaithersburg, MD}, 
    title={Guide to Intrusion Detection and Prevention Systems (IDPS): recommendations of the National Institute of Standards and Technology}, 
    publisher={U.S. Dept. of Commerce, Technology Administration, National Institute of Standards and Technology}, 
    author={Kent, Karen and Scarfone, Karen and Mell, Peter}, 
    year={2014}
}
@inproceedings{Sommer:2003:EBN:948109.948145,
    author = {Sommer, Robin and Paxson, Vern},
    title = {Enhancing Byte-level Network Intrusion Detection Signatures with Context},
    booktitle = {Proceedings of the 10th ACM Conference on Computer and Communications Security},
    series = {CCS '03},
    year = {2003},
    isbn = {1-58113-738-9},
    location = {Washington D.C., USA},
    pages = {262-271},
    numpages = {10},
    url = {http://doi.acm.org/10.1145/948109.948145},
    doi = {10.1145/948109.948145},
    acmid = {948145},
    publisher = {ACM},
    address = {New York, NY, USA},
    keywords = {bro, evaluation, network intrusion detection, pattern matching, security, signatures, snort},
} 
@article{ahoc1975,
    author = {Aho, Alfred V. and Corasick, Margaret J.},
    title = {Efficient String Matching: An Aid to Bibliographic Search},
    journal = {Communications of the ACM},
    issue_date = {June 1975},
    volume = {18},
    number = {6},
    month = jun,
    year = {1975},
    issn = {0001-0782},
    pages = {333-340},
    numpages = {8},
    url = {http://doi.acm.org/10.1145/360825.360855},
    doi = {10.1145/360825.360855},
    acmid = {360855},
    publisher = {ACM},
    address = {New York, NY, USA},
    keywords = {bibliographic search, computational complexity, finite state machines, information retrieval, keywords and phrases, string pattern matching, text-editing},
}
@inproceedings{trie59,
    author = {De La Briandais, Rene},
    title = {File Searching Using Variable Length Keys},
    booktitle = {Papers Presented at the the March 3-5, 1959, Western Joint Computer Conference},
    series = {IRE-AIEE-ACM '59 (Western)},
    year = {1959},
    location = {San Francisco, California},
    pages = {295-298},
    numpages = {4},
    url = {http://doi.acm.org/10.1145/1457838.1457895},
    doi = {10.1145/1457838.1457895},
    acmid = {1457895},
    publisher = {ACM},
    address = {New York, NY, USA},
} 
@article{sundaram1996,
    author = {Sundaram, Aurobindo},
    title = {An Introduction to Intrusion Detection},
    journal = {Crossroads},
    issue_date = {March 1996},
    volume = {2},
    number = {4},
    month = apr,
    year = {1996},
    issn = {1528-4972},
    pages = {3--7},
    numpages = {5},
    url = {http://doi.acm.org/10.1145/332159.332161},
    doi = {10.1145/332159.332161},
    acmid = {332161},
    publisher = {ACM},
    address = {New York, NY, USA},
} 
